<record><leader>00000cas a2200000 a 4500</leader><controlfield tag="001">11369769</controlfield><controlfield tag="008">841109d18571862paudn ne      0    0eng d</controlfield><controlfield tag="009">148</controlfield><datafield ind1=" " ind2=" " tag="010"><subfield code="a">sn 84035968 </subfield></datafield><datafield ind1=" " ind2=" " tag="040"><subfield code="a">NYG</subfield><subfield code="b">eng</subfield><subfield code="c">NYG</subfield><subfield code="d">NPH</subfield><subfield code="d">NPA</subfield><subfield code="d">NPX</subfield><subfield code="d">NPH</subfield><subfield code="d">NJW</subfield><subfield code="d">NYG</subfield><subfield code="d">MFN</subfield><subfield code="d">OCL</subfield><subfield code="d">KNP</subfield><subfield code="d">CNK</subfield><subfield code="d">OCL</subfield><subfield code="d">DLC</subfield><subfield code="d">UKMGB</subfield><subfield code="d">OCLCF</subfield></datafield><datafield ind1="7" ind2=" " tag="016"><subfield code="a">013916482</subfield><subfield code="2">Uk</subfield></datafield><datafield ind1="1" ind2=" " tag="029"><subfield code="a">AU@</subfield><subfield code="b">000020232748</subfield></datafield><datafield ind1=" " ind2=" " tag="042"><subfield code="a">msc</subfield></datafield><datafield ind1="0" ind2="0" tag="050"><subfield code="a">Newspaper</subfield></datafield><datafield ind1="0" ind2=" " tag="130"><subfield code="a">Pennsylvania daily telegraph (Harrisburg, Pa. : 1857)</subfield></datafield><datafield ind1="1" ind2="0" tag="245"><subfield code="a">Pennsylvania daily telegraph.</subfield></datafield><datafield ind1="0" ind2="0" tag="246"><subfield code="a">Pennsylvania telegraph</subfield></datafield><datafield ind1="0" ind2="0" tag="246"><subfield code="a">Daily Pennsylvania telegraph</subfield></datafield><datafield ind1="0" ind2="3" tag="246"><subfield code="a">Daily telegraph</subfield></datafield><datafield ind1=" " ind2=" " tag="260"><subfield code="a">Harrisburg, Pa. :</subfield><subfield code="b">George Bergner &amp; Co.</subfield></datafield><datafield ind1=" " ind2=" " tag="300"><subfield code="a">v.</subfield></datafield><datafield ind1=" " ind2=" " tag="310"><subfield code="a">Daily (except Sun.)</subfield></datafield><datafield ind1="0" ind2=" " tag="362"><subfield code="a">Vol. 4, no. 73 (Dec. 19, 1857)-v. 19, no. 76 (Nov. 26, 1862).</subfield></datafield><datafield ind1=" " ind2=" " tag="500"><subfield code="a">"Daily" appears within title ornament.</subfield></datafield><datafield ind1=" " ind2=" " tag="530"><subfield code="a">Available on microfilm from Microfilm Corp. of Pa.</subfield></datafield><datafield ind1=" " ind2=" " tag="580"><subfield code="a">Weekly eds.: Harrisburg telegraph (Harrisburg, Pa. : 1856), 1857-1860; Pennsylvania weekly telegraph (Harrisburg, Pa. : 1860), 1860-186u.</subfield></datafield><datafield ind1=" " ind2="0" tag="651"><subfield code="a">Harrisburg (Pa.)</subfield><subfield code="v">Newspapers.</subfield></datafield><datafield ind1=" " ind2="7" tag="655"><subfield code="a">Newspapers.</subfield><subfield code="2">fast</subfield><subfield code="0">(OCoLC)fst01423814</subfield></datafield><datafield ind1=" " ind2="7" tag="651"><subfield code="a">Pennsylvania</subfield><subfield code="z">Harrisburg.</subfield><subfield code="2">fast</subfield><subfield code="0">(OCoLC)fst01204725</subfield></datafield><datafield ind1=" " ind2=" " tag="752"><subfield code="a">United States</subfield><subfield code="b">Pennsylvania</subfield><subfield code="c">Dauphin</subfield><subfield code="d">Harrisburg.</subfield></datafield><datafield ind1="1" ind2=" " tag="775"><subfield code="t">Harrisburg telegraph (Harrisburg, Pa. : 1856)</subfield><subfield code="w">(DLC)sn 84035976</subfield></datafield><datafield ind1="1" ind2=" " tag="775"><subfield code="t">Pennsylvania weekly telegraph (Harrisburg, Pa. : 1860)</subfield><subfield code="w">(DLC)sn 84035971</subfield></datafield><datafield ind1="0" ind2=" " tag="775"><subfield code="t">Morning telegraph (Harrisburg, Pa. : 1861)</subfield><subfield code="w">(DLC)sn 86053606</subfield></datafield><datafield ind1="0" ind2="0" tag="780"><subfield code="t">Daily telegraph (Harrisburg, Pa. : 1857)</subfield><subfield code="w">(DLC)sn 84035990</subfield></datafield><datafield ind1="0" ind2="5" tag="780"><subfield code="t">Daily herald (Harrisburg, Pa.)</subfield><subfield code="w">(DLC)sn 84035964</subfield></datafield><datafield ind1="0" ind2="0" tag="785"><subfield code="t">Evening telegraph (Harrisburg, Pa. : 1862)</subfield><subfield code="w">(DLC)sn 84035995</subfield></datafield></record>